<record><leader>00000cas a22000007a 4500</leader><controlfield tag="001">16364499</controlfield><controlfield tag="008">870803c19539999inuwr ne      0    0eng d</controlfield><datafield ind1=" " ind2=" " tag="010"><subfield code="a">sn 87056562 </subfield></datafield><datafield ind1=" " ind2=" " tag="040"><subfield code="a">NPI</subfield><subfield code="b">eng</subfield><subfield code="c">NPI</subfield><subfield code="d">OCLCQ</subfield></datafield><datafield ind1=" " ind2=" " tag="042"><subfield code="a">msc</subfield></datafield><datafield ind1="0" ind2=" " tag="130"><subfield code="a">East Side herald (Indianapolis, Ind.)</subfield></datafield><datafield ind1="1" ind2="4" tag="245"><subfield code="a">The East Side herald.</subfield></datafield><datafield ind1=" " ind2=" " tag="260"><subfield code="a">Indianapolis, Ind. :</subfield><subfield code="b">Charles B. Smiley</subfield></datafield><datafield ind1=" " ind2=" " tag="310"><subfield code="a">Weekly</subfield></datafield><datafield ind1="1" ind2=" " tag="362"><subfield code="a">Began in 1953?</subfield></datafield><datafield ind1=" " ind2=" " tag="580"><subfield code="a">Contents almost identical to: Northeast reporter, &lt;Apr. 28, 1977-Aug. 6, 1987&gt;.</subfield></datafield><datafield ind1=" " ind2=" " tag="588"><subfield code="a">Description based on: Vol. 35, no. 32 (Aug. 12, 1971).</subfield></datafield><datafield ind1=" " ind2=" " tag="752"><subfield code="a">United States</subfield><subfield code="b">Indiana</subfield><subfield code="c">Marion</subfield><subfield code="d">Indianapolis.</subfield></datafield><datafield ind1="0" ind2="0" tag="780"><subfield code="t">Indianapolis herald (Indianapolis, Ind. : 1938)</subfield><subfield code="w">(DLC)sn 87056435</subfield></datafield><datafield ind1="0" ind2=" " tag="787"><subfield code="t">Northeast reporter</subfield><subfield code="w">(DLC)sn 87056470</subfield></datafield></record>